@dataset{aarts_2024_8403827,
  author       = {Aarts, Gert and
                  Allton, Christopher and
                  Amato, Alessandro and
                  Bignell, Ryan and
                  Burns, Timothy J. and
                  De Boni, Davide and
                  Evans, Wynne and
                  Glesaaen, Aleksandra and
                  Giudice, Pietro and
                  Hands, Simon and
                  Harris, Tim and
                  Jaeger, Benjamin and
                  Kelly, Aoife and
                  Kim, Seyong and
                  Lombardo, Maria Paola and
                  Nikolaev, Aleksandr and
                  Quinn, Ryan and
                  Rothkopf, Alexander and
                  Ryan, Sinead and
                  Skullerud, Jon-Ivar and
                  Spriggs, Thomas and
                  Wu, Liang-Kai},
  title        = {{FASTSUM Generation 2 Anisotropic Thermal Lattice 
                   QCD Gauge Ensembles}},
  month        = jul,
  year         = 2024,
  publisher    = {Zenodo},
  doi          = {10.5281/zenodo.8403827},
  url          = {https://doi.org/10.5281/zenodo.8403827}
}

@misc{zenodo,
  doi = {10.25495/7GXK-RD71},
  url = {https://www.zenodo.org/},
  author = {{European Organization For Nuclear Research} and {OpenAIRE}},
  keywords = {FOS: Physical sciences, Publication, Dataset},
  language = {en},
  title = {Zenodo},
  publisher = {CERN},
  year = {2013}
}

@article{Edwards:2008ja,
    author = "Edwards, Robert G. and Joo, Balint and Lin, Huey-Wen",
    title = "{Tuning for Three-flavors of Anisotropic Clover Fermions with Stout-link Smearing}",
    eprint = "0803.3960",
    archivePrefix = "arXiv",
    primaryClass = "hep-lat",
    reportNumber = "JLAB-THY-08-806",
    doi = "10.1103/PhysRevD.78.054501",
    journal = "Phys. Rev. D",
    volume = "78",
    pages = "054501",
    year = "2008"
}

@article{HadronSpectrum:2008xlg,
    author = "Lin, Huey-Wen and others",
    collaboration = "Hadron Spectrum",
    title = "{First results from 2+1 dynamical quark flavors on an anisotropic lattice: Light-hadron spectroscopy and setting the strange-quark mass}",
    eprint = "0810.3588",
    archivePrefix = "arXiv",
    primaryClass = "hep-lat",
    reportNumber = "JLAB-THY-08-896, TCDMATH-08-13",
    doi = "10.1103/PhysRevD.79.034502",
    journal = "Phys. Rev. D",
    volume = "79",
    pages = "034502",
    year = "2009"
}

@misc{glesaaen_jonas_rylund_2018_2216355,
  author       = {Glesaaen, Jonas Rylund and
                  Jäger, Benjamin},
  title        = {openQCD-FASTSUM},
  month        = apr,
  year         = 2018,
  note         = {},
  publisher    = {Zenodo},
  version      = {v1.0},
  doi          = {10.5281/zenodo.2216355},
  url          = {https://doi.org/10.5281/zenodo.2216355},
  howpublished = {\url{https://gitlab.com/fastsum}},
}

@article{Aarts:2014nba,
    author = "Aarts, Gert and Allton, Chris and Amato, Alessandro and Giudice, Pietro and Hands, Simon and Skullerud, Jon-Ivar",
    title = "{Electrical conductivity and charge diffusion in thermal QCD from the lattice}",
    eprint = "1412.6411",
    archivePrefix = "arXiv",
    primaryClass = "hep-lat",
    reportNumber = "HIP-2014-34-TH, INT-PUB-14-060, MS-TP-14-40",
    doi = "10.1007/JHEP02(2015)186",
    journal = "JHEP",
    volume = "02",
    pages = "186",
    year = "2015"
}

@article{Aarts:2020vyb,
    author = "Aarts, G. and others",
    title = "{Properties of the QCD thermal transition with Nf=2+1 flavors of Wilson quark}",
    eprint = "2007.04188",
    archivePrefix = "arXiv",
    primaryClass = "hep-lat",
    doi = "10.1103/PhysRevD.105.034504",
    journal = "Phys. Rev. D",
    volume = "105",
    number = "3",
    pages = "034504",
    year = "2022"
}

@article{Edwards:2004sx,
      author         = "Edwards, Robert G. and Joó, Balint",
      title          = "{The Chroma software system for lattice QCD}",
      collaboration  = "SciDAC, LHPC, UKQCD",
      journal        = "Nucl. Phys. Proc. Suppl.",
      volume         = "140",
      pages          = "832",
      doi            = "10.1016/j.nuclphysbps.2004.11.254",
      year           = "2005",
      eprint         = "hep-lat/0409003",
      archivePrefix  = "arXiv",
      primaryClass   = "hep-lat",
      reportNumber   = "JLAB-THY-04-54",
      SLACcitation   = "%%CITATION = HEP-LAT/0409003;%%",                                                                             
}

@misc{openqcd,
    title = "{\texttt{openQCD}: Simulation programs for lattice QCD}",
    howpublished = {\url{https://luscher.web.cern.ch/luscher/openQCD/}}

@article{Luscher:2012av,
    author = "Lüscher, Martin and Schaefer, Stefan",
    title = "{Lattice QCD with open boundary conditions and twisted-mass reweighting}",
    eprint = "1206.2809",
    archivePrefix = "arXiv",
    primaryClass = "hep-lat",
    reportNumber = "CERN-PH-TH-2012-161",
    doi = "10.1016/j.cpc.2012.10.003",
    journal = "Comput. Phys. Commun.",
    volume = "184",
    pages = "519--528",
    year = "2013"
}