@article{ILDG2,
    author = "Matsufuru, Hideo and Simma, Hubert and Urbach, Carsten",
    title = "{International Lattice Data Grid -- Status and Progress}",
    journal = "PoS",
    volume = "LATTICE2024",
    pages = "411",
    year = "2024"
}

@article{Bali:2022mlg,
    author = "Bali, Gunnar and others",
    title = "{Lattice gauge ensembles and data management}",
    eprint = "2212.10138",
    archivePrefix = "arXiv",
    primaryClass = "hep-lat",
    doi = "10.22323/1.430.0203",
    journal = "PoS",
    volume = "LATTICE2022",
    pages = "203",
    year = "2022"
}

@misc{ETMCPoster:2024,
  author = {Bartosz Kostrzewa},
  title = {Status of the ETMC ensemble generation effort},
  howpublished = {\url{https://conference.ippp.dur.ac.uk/event/1265/contributions/7655/}},
  urldate = {2024-07-30}
}

@article{Jansen:2009xp,
    author = "Jansen, K. and Urbach, C.",
    title = "{tmLQCD: A Program suite to simulate Wilson Twisted mass Lattice QCD}",
    eprint = "0905.3331",
    archivePrefix = "arXiv",
    primaryClass = "hep-lat",
    reportNumber = "DESY-09-073, HU-EP-09-23, SFB-CPP-09-43",
    doi = "10.1016/j.cpc.2009.05.016",
    journal = "Comput. Phys. Commun.",
    volume = "180",
    pages = "2717--2738",
    year = "2009"
}

@article{Deuzeman:2013xaa,
    author = "Deuzeman, A. and Jansen, K. and Kostrzewa, B. and Urbach, C.",
    title = "{Experiences with OpenMP in tmLQCD}",
    eprint = "1311.4521",
    archivePrefix = "arXiv",
    primaryClass = "hep-lat",
    reportNumber = "HU-EP-13-60, DESY-13-217, SFB-CPP-13-93",
    doi = "10.22323/1.187.0416",
    journal = "PoS",
    volume = "LATTICE2013",
    pages = "416",
    year = "2014"
}

@article{Abdel-Rehim:2013wba,
    author = "Abdel-Rehim, Abdou and Burger, Florian and Deuzeman, Alber and Jansen, Karl and Kostrzewa, Bartosz and Scorzato, Luigi and Urbach, Carsten",
    title = "{Recent developments in the tmLQCD software suite}",
    eprint = "1311.5495",
    archivePrefix = "arXiv",
    primaryClass = "hep-lat",
    reportNumber = "HU-EP-13-59, SFB-CPP-13-84",
    doi = "10.22323/1.187.0414",
    journal = "PoS",
    volume = "LATTICE2013",
    pages = "414",
    year = "2014"
}

@article{Alexandrou:2018egz,
    author = "Alexandrou, Constantia and others",
    title = "{Simulating twisted mass fermions at physical light, strange and charm quark masses}",
    eprint = "1807.00495",
    archivePrefix = "arXiv",
    primaryClass = "hep-lat",
    doi = "10.1103/PhysRevD.98.054518",
    journal = "Phys. Rev. D",
    volume = "98",
    number = "5",
    pages = "054518",
    year = "2018"
}

@article{Frommer:2013fsa,
    author = {Frommer, Andreas and Kahl, Karsten and Krieg, Stefan and Leder, Bj\"orn and Rottmann, Matthias},
    title = "{Adaptive Aggregation-Based Domain Decomposition Multigrid for the Lattice Wilson--Dirac Operator}",
    eprint = "1303.1377",
    archivePrefix = "arXiv",
    primaryClass = "hep-lat",
    doi = "10.1137/130919507",
    journal = "SIAM J. Sci. Comput.",
    volume = "36",
    number = "4",
    pages = "A1581--A1608",
    year = "2014"
}

@article{Alexandrou:2016izb,
    author = "Alexandrou, Constantia and Bacchio, Simone and Finkenrath, Jacob and Frommer, Andreas and Kahl, Karsten and Rottmann, Matthias",
    title = "{Adaptive Aggregation-based Domain Decomposition Multigrid for Twisted Mass Fermions}",
    eprint = "1610.02370",
    archivePrefix = "arXiv",
    primaryClass = "hep-lat",
    doi = "10.1103/PhysRevD.94.114509",
    journal = "Phys. Rev. D",
    volume = "94",
    number = "11",
    pages = "114509",
    year = "2016"
}

@article{Alexandrou:2018wiv,
    author = "Alexandrou, Constantia and Bacchio, Simone and Finkenrath, Jacob",
    title = "{Multigrid approach in shifted linear systems for the non-degenerated twisted mass operator}",
    eprint = "1805.09584",
    archivePrefix = "arXiv",
    primaryClass = "hep-lat",
    doi = "10.1016/j.cpc.2018.10.013",
    journal = "Comput. Phys. Commun.",
    volume = "236",
    pages = "51--64",
    year = "2019"
}

@article{Joo:2013lwm,
    author = "Jo\'o, B\'alint and Kalamkar, Dhiraj D. and Vaidyanathan, Karthikeyan and Smelyanskiy, Mikhail and Pamnany, Kiran and Lee, Victor W. and Dubey, Pradeep and Watson, William",
    title = "{Lattice QCD on Intel\textregistered{} Xeon Phi Coprocessors}",
    doi = "10.1007/978-3-642-38750-0_4",
    journal = "Lect. Notes Comput. Sci.",
    volume = "7905",
    pages = "40--54",
    year = "2013"
}

@article{Clark:2009wm,
    author = "Clark, M. A. and Babich, R. and Barros, K. and Brower, R. C. and Rebbi, C.",
    collaboration = "QUDA",
    title = "{Solving Lattice QCD systems of equations using mixed precision solvers on GPUs}",
    eprint = "0911.3191",
    archivePrefix = "arXiv",
    primaryClass = "hep-lat",
    doi = "10.1016/j.cpc.2010.05.002",
    journal = "Comput. Phys. Commun.",
    volume = "181",
    pages = "1517--1528",
    year = "2010"
}

@inproceedings{Babich:2011np,
    author = "Babich, R. and Clark, M. A. and Joo, B. and Shi, G. and Brower, R. C. and Gottlieb, S.",
    collaboration = "QUDA",
    title = "{Scaling lattice QCD beyond 100 GPUs}",
    booktitle = "{International Conference for High Performance Computing, Networking, Storage and Analysis}",
    eprint = "1109.2935",
    archivePrefix = "arXiv",
    primaryClass = "hep-lat",
    doi = "10.1145/2063384.2063478",
    month = "9",
    year = "2011"
}

@article{ETM:2009ztk,
    author = "Baron, Remi and others",
    collaboration = "ETM",
    title = "{Light Meson Physics from Maximally Twisted Mass Lattice QCD}",
    eprint = "0911.5061",
    archivePrefix = "arXiv",
    primaryClass = "hep-lat",
    reportNumber = "HISKP-TH-09-37, DESY-09-187, SFB-CPP-09-115, MS-TP-09-27, IFT-UAM-CSIC-09-58, ROM2F-2009-24",
    doi = "10.1007/JHEP08(2010)097",
    journal = "JHEP",
    volume = "08",
    pages = "097",
    year = "2010"
}

@article{EuropeanTwistedMass:2010voq,
    author = "Baron, Remi and others",
    collaboration = "European Twisted Mass",
    title = "{Computing K and D meson masses with $N_{f}$ = 2+1+1 twisted mass lattice QCD}",
    eprint = "1005.2042",
    archivePrefix = "arXiv",
    primaryClass = "hep-lat",
    reportNumber = "SFB-CPP-09-31, LPSC1049, MS-TP-10-10, DESY-10-055, LTH874, LPT-ORSAY-10-30, HU-EP-10-19",
    doi = "10.1016/j.cpc.2010.10.004",
    journal = "Comput. Phys. Commun.",
    volume = "182",
    pages = "299--316",
    year = "2011"
}

@article{Baron:2010bv,
    author = "Baron, R. and others",
    title = "{Light hadrons from lattice QCD with light (u,d), strange and charm dynamical quarks}",
    eprint = "1004.5284",
    archivePrefix = "arXiv",
    primaryClass = "hep-lat",
    reportNumber = "DESY-10-054, HU-EP-10-18, IFIC-10-11, SFB-CPP-10-29, LPT-ORSAY-10-28, LTH873, LPSC1042, MS-TP-10-09, ROM2F-2010-08",
    doi = "10.1007/JHEP06(2010)111",
    journal = "JHEP",
    volume = "06",
    pages = "111",
    year = "2010"
}

@misc{ildg-organization,
    title = {Organization of ILDG activities},
    author = {International Lattice Data Grid},
    howpublished = {\url{https://hpc.desy.de/ildg/organization/}},
    note = {Accessed 2024-08-06}
}

@misc{parallel-session,
    title = {Lattice Data session},
    howpublished = {\url{https://conference.ippp.dur.ac.uk/event/1265/sessions/1744/#20240802}},
    note = {Accessed 2024-08-02}
}


@article{Davies:2002mu,
    author = "Davies, C. T. H. and Irving, A. C. and Kenway, R. D. and Maynard, C. M.",
    editor = "Edwards, R. and Negele, John W. and Richards, D.",
    collaboration = "UKQCD",
    title = "{International lattice data grid}",
    eprint = "hep-lat/0209121",
    archivePrefix = "arXiv",
    doi = "10.1016/S0920-5632(03)01509-3",
    journal = "Nucl. Phys. B Proc. Suppl.",
    volume = "119",
    pages = "225--226",
    year = "2003"
}

@article{Maynard:2009szr,
    author = "Maynard, C. M.",
    editor = "Liu, Chuan and Zhu, Yu",
    title = "{International Lattice Data Grid: Turn On, Plug In,and Download}",
    eprint = "1001.5207",
    archivePrefix = "arXiv",
    primaryClass = "hep-lat",
    doi = "10.22323/1.091.0020",
    journal = "PoS",
    volume = "LAT2009",
    pages = "020",
    year = "2009"
}

@article{Beckett:2009cb,
    author = "Beckett, Mark G. and Joo, Balint and Maynard, Chris M. and Pleiter, Dirk and Tatebe, Osamu and Yoshie, Tomoteru",
    title = "{Building the International Lattice Data Grid}",
    eprint = "0910.1692",
    archivePrefix = "arXiv",
    primaryClass = "hep-lat",
    doi = "10.1016/j.cpc.2011.01.027",
    journal = "Comput. Phys. Commun.",
    volume = "182",
    pages = "1208--1214",
    year = "2011"
}

@article{Coddington:2007gz,
    author = "Coddington, P. and Joo, B. and Maynard, C. M. and Pleiter, D. and Yoshie, T.",
    editor = "Bali, Gunnar and Braun, Vladimir and Gattringer, Christof and Gockeler, Meinulf and Schafer, Andreas and Weisz, Peter and Wettig, Tilo",
    collaboration = "ILDG Metadata Working Group",
    title = "{Marking up lattice QCD configurations and ensembles}",
    eprint = "0710.0230",
    archivePrefix = "arXiv",
    primaryClass = "hep-lat",
    reportNumber = "UTCCS-P-32, UTHEP-550, JLAB-IT-07-04",
    doi = "10.22323/1.042.0048",
    journal = "PoS",
    volume = "LATTICE2007",
    pages = "048",
    year = "2007"
}

@article{Yoshie:2008aw,
    author = "Yoshie, Tomoteru",
    editor = "Aubin, Christopher and Cohen, Saul and Dawson, Chris and Dudek, Jozef and Edwards, Robert and Joo, Balint and Lin, Huey-Wen and Orginos, Kostas and Richards, David and Thacker, Hank",
    title = "{Making use of the International Lattice Data Grid}",
    eprint = "0812.0849",
    archivePrefix = "arXiv",
    primaryClass = "hep-lat",
    reportNumber = "UTCCS-P-48, UTHEP-576",
    doi = "10.22323/1.066.0019",
    journal = "PoS",
    volume = "LATTICE2008",
    pages = "019",
    year = "2008"
}


@article{Wilkinson2016,
	abstract = {There is an urgent need to improve the infrastructure supporting the reuse of scholarly data. A diverse set of stakeholders---representing academia, industry, funding agencies, and scholarly publishers---have come together to design and jointly endorse a concise and measureable set of principles that we refer to as the FAIR Data Principles. The intent is that these may act as a guideline for those wishing to enhance the reusability of their data holdings. Distinct from peer initiatives that focus on the human scholar, the FAIR Principles put specific emphasis on enhancing the ability of machines to automatically find and use the data, in addition to supporting its reuse by individuals. This Comment is the first formal publication of the FAIR Principles, and includes the rationale behind them, and some exemplar implementations in the community.},
	author = {Wilkinson, Mark D. and Dumontier, Michel and Aalbersberg, IJsbrand Jan and Appleton, Gabrielle and Axton, Myles and Baak, Arie and Blomberg, Niklas and Boiten, Jan-Willem and da Silva Santos, Luiz Bonino and Bourne, Philip E. and Bouwman, Jildau and Brookes, Anthony J. and Clark, Tim and Crosas, Merc{\`e} and Dillo, Ingrid and Dumon, Olivier and Edmunds, Scott and Evelo, Chris T. and Finkers, Richard and Gonzalez-Beltran, Alejandra and Gray, Alasdair J. G. and Groth, Paul and Goble, Carole and Grethe, Jeffrey S. and Heringa, Jaap and 't Hoen, Peter A. C and Hooft, Rob and Kuhn, Tobias and Kok, Ruben and Kok, Joost and Lusher, Scott J. and Martone, Maryann E. and Mons, Albert and Packer, Abel L. and Persson, Bengt and Rocca-Serra, Philippe and Roos, Marco and van Schaik, Rene and Sansone, Susanna-Assunta and Schultes, Erik and Sengstag, Thierry and Slater, Ted and Strawn, George and Swertz, Morris A. and Thompson, Mark and van der Lei, Johan and van Mulligen, Erik and Velterop, Jan and Waagmeester, Andra and Wittenburg, Peter and Wolstencroft, Katherine and Zhao, Jun and Mons, Barend},
	date = {2016/03/15},
	date-added = {2024-11-06 18:27:50 +0200},
	date-modified = {2024-11-06 18:27:50 +0200},
	doi = {10.1038/sdata.2016.18},
	id = {Wilkinson2016},
	isbn = {2052-4463},
	journal = {Scientific Data},
	number = {1},
	pages = {160018},
	title = {The FAIR Guiding Principles for scientific data management and stewardship},
	url = {https://doi.org/10.1038/sdata.2016.18},
	volume = {3},
	year = {2016},
	bdsk-url-1 = {https://doi.org/10.1038/sdata.2016.18}}


@article{Kotov:2021ujj,
    author = "Kotov, A. Yu. and Trunin, Anton and Lombardo, Maria Paola",
    title = "{QCD topology and axion\textquoteright{}s properties from Wilson twisted mass lattice simulations}",
    eprint = "2111.15421",
    archivePrefix = "arXiv",
    primaryClass = "hep-lat",
    doi = "10.22323/1.396.0032",
    journal = "PoS",
    volume = "LATTICE2021",
    pages = "032",
    year = "2022"
}

@article{Kotov:2021rah,
    author = "Kotov, Andrey Yu. and Lombardo, Maria Paola and Trunin, Anton",
    title = "{QCD transition at the physical point, and its scaling window from twisted mass Wilson fermions}",
    eprint = "2105.09842",
    archivePrefix = "arXiv",
    primaryClass = "hep-lat",
    doi = "10.1016/j.physletb.2021.136749",
    journal = "Phys. Lett. B",
    volume = "823",
    pages = "136749",
    year = "2021"
}

%% TELOS

@article{Bennett:2019jzz,
    author = "Bennett, Ed and Hong, Deog Ki and Lee, Jong-Wan and Lin, C. -J. David and Lucini, Biagio and Piai, Maurizio and Vadacchino, Davide",
    title = "{Sp(4) gauge theories on the lattice: $N_f=2$ dynamical fundamental fermions}",
    eprint = "1909.12662",
    archivePrefix = "arXiv",
    primaryClass = "hep-lat",
    reportNumber = "PNUTP-19/A01",
    doi = "10.1007/JHEP12(2019)053",
    journal = "JHEP",
    volume = "12",
    pages = "053",
    year = "2019"
}


@article{Hsiao:2022gju,
    author = "Hsiao, Ho and Bennett, Ed and Hong, Deog Ki and Lee, Jong-Wan and Lin, C. -J. David and Lucini, Biagio and Piai, Maurizio and Vadacchino, Davide",
    title = "{Spectroscopy of $Sp(4)$ lattice gauge theory with $n_f=3$ antisymmetric fermions}",
    eprint = "2210.08154",
    archivePrefix = "arXiv",
    primaryClass = "hep-lat",
    reportNumber = "PNUTP-22/A06",
    doi = "10.22323/1.430.0214",
    journal = "PoS",
    volume = "LATTICE2022",
    pages = "211",
    year = "2023"
}

@article{Bennett:2022yfa,
    author = "Bennett, Ed and Hong, Deog Ki and Hsiao, Ho and Lee, Jong-Wan and Lin, C. -J. David and Lucini, Biagio and Mesiti, Michele and Piai, Maurizio and Vadacchino, Davide",
    title = "{Lattice studies of the Sp(4) gauge theory with two fundamental and three antisymmetric Dirac fermions}",
    eprint = "2202.05516",
    archivePrefix = "arXiv",
    primaryClass = "hep-lat",
    reportNumber = "PNUTP-22/A01",
    doi = "10.1103/PhysRevD.106.014501",
    journal = "Phys. Rev. D",
    volume = "106",
    number = "1",
    pages = "014501",
    year = "2022"
}

@article{Bennett:2023qwx,
    author = "Bennett, Ed and Holligan, Jack and Hong, Deog Ki and Lee, Jong-Wan and Lin, C. -J. David and Lucini, Biagio and Piai, Maurizio and Vadacchino, Davide",
    title = "{Spectrum of mesons in quenched Sp(2N) gauge theories}",
    eprint = "2312.08465",
    archivePrefix = "arXiv",
    primaryClass = "hep-lat",
    reportNumber = "CTPU-PTC-23-50",
    doi = "10.1103/PhysRevD.109.094517",
    journal = "Phys. Rev. D",
    volume = "109",
    number = "9",
    pages = "094517",
    year = "2024"
}

@article{Bennett:2022gdz,
    author = "Bennett, Ed and Hong, Deog Ki and Lee, Jong-Wan and Lin, C. -J. David and Lucini, Biagio and Piai, Maurizio and Vadacchino, Davide",
    title = "{Color dependence of the topological susceptibility in Yang-Mills theories}",
    eprint = "2205.09254",
    archivePrefix = "arXiv",
    primaryClass = "hep-lat",
    reportNumber = "PNUTP-22/A02",
    doi = "10.1016/j.physletb.2022.137504",
    journal = "Phys. Lett. B",
    volume = "835",
    pages = "137504",
    year = "2022"
}

@article{Bennett:2020qtj,
    author = "Bennett, Ed and Holligan, Jack and Hong, Deog Ki and Lee, Jong-Wan and Lin, C. -J. David and Lucini, Biagio and Piai, Maurizio and Vadacchino, Davide",
    title = "{Glueballs and strings in $Sp(2N)$ Yang-Mills theories}",
    eprint = "2010.15781",
    archivePrefix = "arXiv",
    primaryClass = "hep-lat",
    doi = "10.1103/PhysRevD.103.054509",
    journal = "Phys. Rev. D",
    volume = "103",
    number = "5",
    pages = "054509",
    year = "2021"
}

@article{Athenodorou:2024rba,
    author = "Athenodorou, Andreas and Bennett, Ed and Bergner, Georg and Butti, Pietro and Lenz, Julian and Lucini, Biagio",
    title = "{SU(2) gauge theory with one and two adjoint fermions towards the continuum limit}",
    eprint = "2408.00171",
    archivePrefix = "arXiv",
    primaryClass = "hep-lat",
    month = "7",
    year = "2024"
}

@article{Bennett:2019cxd,
    author = "Bennett, Ed and Hong, Deog Ki and Lee, Jong-Wan and Lin, Chi-Jen David and Lucini, Biagio and Mesiti, Michele and Piai, Maurizio and Rantaharju, Jarno and Vadacchino, Davide",
    title = "{$Sp(4)$ gauge theories on the lattice: quenched fundamental and antisymmetric fermions}",
    eprint = "1912.06505",
    archivePrefix = "arXiv",
    primaryClass = "hep-lat",
    reportNumber = "PNUTP-19/A03",
    doi = "10.1103/PhysRevD.101.074516",
    journal = "Phys. Rev. D",
    volume = "101",
    number = "7",
    pages = "074516",
    year = "2020"
}

@article{DelDebbio:2008zf,
    author = "Del Debbio, Luigi and Patella, Agostino and Pica, Claudio",
    title = "{Higher representations on the lattice: Numerical simulations. SU(2) with adjoint fermions}",
    eprint = "0805.2058",
    archivePrefix = "arXiv",
    primaryClass = "hep-lat",
    reportNumber = "NI08019, BNL-NT-08-15, CP3-ORIGINS-2010-15",
    doi = "10.1103/PhysRevD.81.094503",
    journal = "Phys. Rev. D",
    volume = "81",
    pages = "094503",
    year = "2010"
}

@article{Bennett:2023gbe,
    author = "Bennett, Ed and others",
    title = "{Symplectic lattice gauge theories in the grid framework: Approaching the conformal window}",
    eprint = "2306.11649",
    archivePrefix = "arXiv",
    primaryClass = "hep-lat",
    reportNumber = "PNUTP-23/A03, CTPU-PTC-23-26",
    doi = "10.1103/PhysRevD.108.094508",
    journal = "Phys. Rev. D",
    volume = "108",
    number = "9",
    pages = "094508",
    year = "2023"
}

@article{Yamaguchi:2022feu,
    author = "Yamaguchi, Azusa and Boyle, Peter and Cossu, Guido and Filaci, Gianluca and Lehner, Christoph and Portelli, Antonin",
    title = "{Grid: OneCode and FourAPIs}",
    eprint = "2203.06777",
    archivePrefix = "arXiv",
    primaryClass = "hep-lat",
    doi = "10.22323/1.396.0035",
    journal = "PoS",
    volume = "LATTICE2021",
    pages = "035",
    year = "2022"
}


@dataset{aarts_2024_8403827,
  author       = {Aarts, Gert and
                  Allton, Christopher and
                  Amato, Alessandro and
                  Bignell, Ryan and
                  Burns, Timothy J. and
                  De Boni, Davide and
                  Evans, Wynne and
                  Glesaaen, Aleksandra and
                  Giudice, Pietro and
                  Hands, Simon and
                  Harris, Tim and
                  Jaeger, Benjamin and
                  Kelly, Aoife and
                  Kim, Seyong and
                  Lombardo, Maria Paola and
                  Nikolaev, Aleksandr and
                  Quinn, Ryan and
                  Rothkopf, Alexander and
                  Ryan, Sinead and
                  Skullerud, Jon-Ivar and
                  Spriggs, Thomas and
                  Wu, Liang-Kai},
  title        = {{FASTSUM Generation 2 Anisotropic Thermal Lattice 
                   QCD Gauge Ensembles}},
  month        = jul,
  year         = 2024,
  publisher    = {Zenodo},
  doi          = {10.5281/zenodo.8403827},
  url          = {https://doi.org/10.5281/zenodo.8403827}
}

@misc{zenodo,
  doi = {10.25495/7GXK-RD71},
  url = {https://www.zenodo.org/},
  author = {{European Organization For Nuclear Research} and {OpenAIRE}},
  keywords = {FOS: Physical sciences, Publication, Dataset},
  language = {en},
  title = {Zenodo},
  publisher = {CERN},
  year = {2013}
}

@article{Edwards:2008ja,
    author = "Edwards, Robert G. and Joo, Balint and Lin, Huey-Wen",
    title = "{Tuning for Three-flavors of Anisotropic Clover Fermions with Stout-link Smearing}",
    eprint = "0803.3960",
    archivePrefix = "arXiv",
    primaryClass = "hep-lat",
    reportNumber = "JLAB-THY-08-806",
    doi = "10.1103/PhysRevD.78.054501",
    journal = "Phys. Rev. D",
    volume = "78",
    pages = "054501",
    year = "2008"
}

@article{HadronSpectrum:2008xlg,
    author = "Lin, Huey-Wen and others",
    collaboration = "Hadron Spectrum",
    title = "{First results from 2+1 dynamical quark flavors on an anisotropic lattice: Light-hadron spectroscopy and setting the strange-quark mass}",
    eprint = "0810.3588",
    archivePrefix = "arXiv",
    primaryClass = "hep-lat",
    reportNumber = "JLAB-THY-08-896, TCDMATH-08-13",
    doi = "10.1103/PhysRevD.79.034502",
    journal = "Phys. Rev. D",
    volume = "79",
    pages = "034502",
    year = "2009"
}

@misc{glesaaen_jonas_rylund_2018_2216355,
  author       = {Glesaaen, Jonas Rylund and
                  Jäger, Benjamin},
  title        = {openQCD-FASTSUM},
  month        = apr,
  year         = 2018,
  note         = {},
  publisher    = {Zenodo},
  version      = {v1.0},
  doi          = {10.5281/zenodo.2216355},
  url          = {https://doi.org/10.5281/zenodo.2216355},
  howpublished = {\url{https://gitlab.com/fastsum}},
}

@article{Aarts:2014nba,
    author = "Aarts, Gert and Allton, Chris and Amato, Alessandro and Giudice, Pietro and Hands, Simon and Skullerud, Jon-Ivar",
    title = "{Electrical conductivity and charge diffusion in thermal QCD from the lattice}",
    eprint = "1412.6411",
    archivePrefix = "arXiv",
    primaryClass = "hep-lat",
    reportNumber = "HIP-2014-34-TH, INT-PUB-14-060, MS-TP-14-40",
    doi = "10.1007/JHEP02(2015)186",
    journal = "JHEP",
    volume = "02",
    pages = "186",
    year = "2015"
}

@article{Aarts:2020vyb,
    author = "Aarts, G. and others",
    title = "{Properties of the QCD thermal transition with Nf=2+1 flavors of Wilson quark}",
    eprint = "2007.04188",
    archivePrefix = "arXiv",
    primaryClass = "hep-lat",
    doi = "10.1103/PhysRevD.105.034504",
    journal = "Phys. Rev. D",
    volume = "105",
    number = "3",
    pages = "034504",
    year = "2022"
}

@article{Edwards:2004sx,
      author         = "Edwards, Robert G. and Joó, Balint",
      title          = "{The Chroma software system for lattice QCD}",
      collaboration  = "SciDAC, LHPC, UKQCD",
      journal        = "Nucl. Phys. Proc. Suppl.",
      volume         = "140",
      pages          = "832",
      doi            = "10.1016/j.nuclphysbps.2004.11.254",
      year           = "2005",
      eprint         = "hep-lat/0409003",
      archivePrefix  = "arXiv",
      primaryClass   = "hep-lat",
      reportNumber   = "JLAB-THY-04-54",
      SLACcitation   = "%%CITATION = HEP-LAT/0409003;%%",                                                                             
}

@misc{openqcd,
    title = "{\texttt{openQCD}: Simulation programs for lattice QCD}",
    howpublished = "{\url{https://luscher.web.cern.ch/luscher/openQCD/}}"
    }

@article{Luscher:2012av,
    author = "Lüscher, Martin and Schaefer, Stefan",
    title = "{Lattice QCD with open boundary conditions and twisted-mass reweighting}",
    eprint = "1206.2809",
    archivePrefix = "arXiv",
    primaryClass = "hep-lat",
    reportNumber = "CERN-PH-TH-2012-161",
    doi = "10.1016/j.cpc.2012.10.003",
    journal = "Comput. Phys. Commun.",
    volume = "184",
    pages = "519--528",
    year = "2013"
    }

@article{Bruno:2014jqa,
    author = "Bruno, Mattia and others",
    title = "{Simulation of QCD with N$_{f} =$ 2 $+$ 1 flavors of non-perturbatively improved Wilson fermions}",
    eprint = "1411.3982",
    archivePrefix = "arXiv",
    primaryClass = "hep-lat",
    reportNumber = "DESY-14-216, FTUAM-14-48, HIM-2014-01, HU-EP-14-51, MITP-14-091, SFB-CPP-14-89, IFT-UAM-CSIC-14-117",
    doi = "10.1007/JHEP02(2015)043",
    journal = "JHEP",
    volume = "02",
    pages = "043",
    year = "2015"
    }

@article{Schaefer:2010hu,
    author = "Schaefer, Stefan and Sommer, Rainer and Virotta, Francesco",
    collaboration = "ALPHA",
    title = "{Critical slowing down and error analysis in lattice QCD simulations}",
    eprint = "1009.5228",
    archivePrefix = "arXiv",
    primaryClass = "hep-lat",
    reportNumber = "DESY-10-151, SFB-CPP-10-81, HU-EP-10-55",
    doi = "10.1016/j.nuclphysb.2010.11.020",
    journal = "Nucl. Phys. B",
    volume = "845",
    pages = "93--119",
    year = "2011"
    }

@article{Mohler:2020txx,
    author = "Mohler, Daniel and Schaefer, Stefan",
    title = "{Remarks on strange-quark simulations with Wilson fermions}",
    eprint = "2003.13359",
    archivePrefix = "arXiv",
    primaryClass = "hep-lat",
    reportNumber = "DESY-20-041, MITP/20-010, DESY 20-041 ; MITP/20-010",
    doi = "10.1103/PhysRevD.102.074506",
    journal = "Phys. Rev. D",
    volume = "102",
    number = "7",
    pages = "074506",
    year = "2020"
    }

@article{Mohler:2017wnb,
    author = "Mohler, Daniel and Schaefer, Stefan and Simeth, Jakob",
    editor = "Della Morte, M. and Fritzsch, P. and G\'amiz S\'anchez, E. and Pena Ruano, C.",
    title = "{CLS 2+1 flavor simulations at physical light- and strange-quark masses}",
    eprint = "1712.04884",
    archivePrefix = "arXiv",
    primaryClass = "hep-lat",
    reportNumber = "DESY-17-166, HIM-2017-08, MITP-17-093",
    doi = "10.1051/epjconf/201817502010",
    journal = "EPJ Web Conf.",
    volume = "175",
    pages = "02010",
    year = "2018"
    }

@article{Aubin:2004wf,
    author = "Aubin, C. and Bernard, C. and DeTar, C. and Osborn, J. and Gottlieb, Steven and Gregory, E. B. and Toussaint, D. and Heller, U. M. and Hetrick, J. E. and Sugar, R.",
    collaboration = "MILC",
    title = "{Light hadrons with improved staggered quarks: Approaching the continuum limit}",
    doi = "10.1103/PhysRevD.70.094505",
    journal = "Phys. Rev. D",
    volume = "70",
    pages = "094505",
    year = "2004"
}

@article{MILC:2009mpl,
    author = "Bazavov, A. and others",
    collaboration = "MILC",
    title = "{Nonperturbative QCD Simulations with 2+1 Flavors of Improved Staggered Quarks}",
    reportNumber = "FERMILAB-PUB-09-674-T",
    doi = "10.1103/RevModPhys.82.1349",
    journal = "Rev. Mod. Phys.",
    volume = "82",
    pages = "1349--1417",
    year = "2010"
}

@article{Follana:2006rc,
    author = "Follana, E. and Mason, Q. and Davies, C. and Hornbostel, K. and Lepage, G. P. and Shigemitsu, J. and Trottier, H. and Wong, K.",
    collaboration = "HPQCD",
    title = "{Highly improved staggered quarks on the lattice, with applications to charm physics}",
    eprint = "hep-lat/0610092",
    archivePrefix = "arXiv",
    doi = "10.1103/PhysRevD.75.054502",
    journal = "Phys. Rev. D",
    volume = "75",
    pages = "054502",
    year = "2007"
}

@article{MILC:2010pul,
    author = "Bazavov, A. and others",
    collaboration = "MILC",
    title = "{Scaling studies of QCD with the dynamical HISQ action}",
    eprint = "1004.0342",
    archivePrefix = "arXiv",
    primaryClass = "hep-lat",
    doi = "10.1103/PhysRevD.82.074501",
    journal = "Phys. Rev. D",
    volume = "82",
    pages = "074501",
    year = "2010",
    url = {https://doi.org/10.1103/PhysRevD.82.074501}
}
@article{Bazavov:2017lyh,
    author = "Bazavov, A. and others",
    title = "{$B$- and $D$-meson leptonic decay constants from four-flavor lattice QCD}",
    collaboration = "Fermilab Lattice, MILC",
    eprint = "1712.09262",
    archivePrefix = "arXiv",
    primaryClass = "hep-lat",
    reportNumber = "FERMILAB-PUB-17/491-T, FERMILAB-PUB-17-491-T",
    doi = "10.1103/PhysRevD.98.074512",
    journal = "Phys. Rev. D",
    volume = "98",
    number = "7",
    pages = "074512",
    year = "2018",
    url = {https://doi.org/10.1103/PhysRevD.98.074512}
}

@article{MILC:2012znn,
    author = "Bazavov, A. and others",
    collaboration = "MILC",
    title = "{Lattice QCD Ensembles with Four Flavors of Highly Improved Staggered Quarks}",
    archivePrefix = "arXiv",
    primaryClass = "hep-lat",
    reportNumber = "FERMILAB-PUB-12-796-T",
    doi = "10.1103/PhysRevD.87.054505",
    journal = "Phys. Rev. D",
    volume = "87",
    number = "5",
    pages = "054505",
    year = "2013",
    url = {https://doi.org/10.1103/PhysRevD.87.054505}
}


@misc{MILC:policy,
  title = {MILC and Fermilab Lattice Collaboration Policy for Sharing Lattice Files},
  howpublished = {\url{https://github.com/milc-qcd/sharing/wiki/LatticeSharing}}
  }

@inproceedings{Clark:2016rdz,
    author = "Clark, M. A. and Jo\'o, B\'alint and Strelchenko, Alexei and Cheng, Michael and Gambhir, Arjun and Brower, Richard. C.",
    collaboration = "QUDA",
    title = "{Accelerating lattice QCD multigrid on GPUs using fine-grained parallelization}",
    booktitle = "{International Conference for High Performance Computing, Networking, Storage and Analysis}",
    eprint = "1612.07873",
    archivePrefix = "arXiv",
    primaryClass = "hep-lat",
    reportNumber = "FERMILAB-CONF-16-638-CD",
    doi = "10.5555/3014904.3014995",
    month = "12",
    year = "2016"
    }

@article{Jiang:2024lto,
    author = "Jiang, Xiangyu and Shi, Chunjiang and Chen, Ying and Gong, Ming and Yang, Yi-Bo",
    title = "{Use QUDA for lattice QCD calculation with Python}",
    eprint = "2411.08461",
    archivePrefix = "arXiv",
    primaryClass = "hep-lat",
    month = "11",
    year = "2024"
    }

@article{Bietenholz:2011qq,
       archiveprefix = {arXiv},
       author = {Bietenholz, W. and Bornyakov, V. and G{\"o}ckeler, M. and Horsley, R. and Lockhart, W. G. and Nakamura, Y. and Perlt, H. and Pleiter, D. and Rakow, P. E. L. and Schierholz, G. and Schiller, A. and Streuer, T. and St{\"u}ben, H. and Winter, F. and Zanotti, J. M.},
       doi = {10.1103/PhysRevD.84.054509},
       eprint = {1102.5300},
       journal = {Phys. Rev. D},
       keywords = {qcdsf},
       pages = {054509},
       primaryclass = {hep-lat},
       reportnumber = {DESY-11-030, EDINBURGH-2011-09, LTH-909},
       title = {{Flavour blindness and patterns of flavour symmetry breaking in lattice simulations of up, down and strange quarks}},
       volume = {84},
       year = {2011}}

@article{Cundy:2009yy,
       archiveprefix = {arXiv},
       author = {Cundy, N. and G{\"o}ckeler, M. and Horsley, R. and Kaltenbrunner, T. and Kennedy, A. D. and Nakamura, Y. and Perlt, H. and Pleiter, D. and Rakow, P. E. L. and Sch{\"a}fer, A. and Schierholz, G. and Schiller, A. and St{\"u}ben, H. and Zanotti, J. M.},
       doi = {10.1103/PhysRevD.79.094507},
       eprint = {0901.3302},
       journal = {Phys. Rev. D},
       keywords = {qcdsf},
       pages = {094507},
       primaryclass = {hep-lat},
       reportnumber = {DESY-08-141, EDINBURGH-2009-01, LTH-819},
       title = {{Non-perturbative improvement of stout-smeared three flavour clover fermions}},
       volume = {79},
       year = {2009}}

@article{Haar:2017ubh,
       archiveprefix = {arXiv},
       author = {Haar, Taylor Ryan and Nakamura, Yoshifumi and Stuben, Hinnerk},
       doi = {10.1051/epjconf/201817514011},
       eprint = {1711.03836},
       journal = {EPJ Web Conf.},
       keywords = {qcdsf},
       pages = {14011},
       primaryclass = {hep-lat},
       title = {{An update on the BQCD Hybrid Monte Carlo program}},
       volume = {175},
       year = {2018}}

@article{QCDSFUKQCDCSSM:2023qlx,
       archiveprefix = {arXiv},
       author = {Smail, R. E. and Batelaan, M. and Horsley, R. and Nakamura, Y. and Perlt, H. and Pleiter, D. and Rakow, P. E. L. and Schierholz, G. and St{\"u}ben, H. and Young, R. D. and Zanotti, J. M.},
       collaboration = {QCDSF/UKQCD/CSSM},
       doi = {10.1103/PhysRevD.108.094511},
       eprint = {2304.02866},
       journal = {Phys. Rev. D},
       keywords = {qcdsf},
       number = {9},
       pages = {094511},
       primaryclass = {hep-lat},
       reportnumber = {ADP-23-10/T1219, DESY-23-047, LTH 1336, MIT-CTP/5581},
       title = {{Constraining beyond the standard model nucleon isovector charges}},
       volume = {108},
       year = {2023}}

@article{Ishikawa:2018jee,
      author         = "Ishikawa, K. -I. and Ishizuka, N. and Kuramashi, Y. and
                        Nakamura, Y. and Namekawa, Y. and Taniguchi, Y. and Ukita,
                        N. and Yamazaki, T. and Yoshi\'e, T.",
      title          = "{Finite size effect on pseudoscalar meson sector in 2+1
                        flavor QCD at the physical point}",
      collaboration  = "PACS",
      journal        = "Phys. Rev.",
      volume         = "D99",
      year           = "2019",
      number         = "1",
      pages          = "014504",
      doi            = "10.1103/PhysRevD.99.014504",
      eprint         = "1807.06237",
      archivePrefix  = "arXiv",
      primaryClass   = "hep-lat",
      reportNumber   = "UTHEP-722, UTCCS-P-114, HUPD-1805",
      SLACcitation   = "%%CITATION = ARXIV:1807.06237;%%"
}

@article{Shintani:2019wai,
    author = "Shintani, Eigo and Kuramashi, Yoshinobu",
    collaboration = "PACS",
    title = "{Hadronic vacuum polarization contribution to the muon $g-2$ with 2+1 flavor lattice QCD on a larger than (10 fm$)^4$ lattice at the physical point}",
    eprint = "1902.00885",
    archivePrefix = "arXiv",
    primaryClass = "hep-lat",
    doi = "10.1103/PhysRevD.100.034517",
    journal = "Phys. Rev. D",
    volume = "100",
    number = "3",
    pages = "034517",
    year = "2019"
}

@article{PACS:2019ofv,
    author = "Ishikawa, K. I. and Ishizuka, N. and Kuramashi, Y. and Nakamura, Y. and Namekawa, Y. and Shintani, E. and Taniguchi, Y. and Ukita, N. and Yamazaki, T. and Yoshi\'e, T.",
    collaboration = "PACS",
    title = "{Finite size effect on vector meson and baryon sectors in 2+1 flavor QCD at the physical point}",
    eprint = "1907.10846",
    archivePrefix = "arXiv",
    primaryClass = "hep-lat",
    reportNumber = "UTHEP-733, UTCCS-P-123, HUPD-1909",
    doi = "10.1103/PhysRevD.100.094502",
    journal = "Phys. Rev. D",
    volume = "100",
    number = "9",
    pages = "094502",
    year = "2019"
}

@article{Tsuji:2022ric,
    author = "Tsuji, Ryutaro and Tsukamoto, Natsuki and Aoki, Yasumichi and Ishikawa, Ken-Ichi and Kuramashi, Yoshinobu and Sasaki, Shoichi and Shintani, Eigo and Yamazaki, Takeshi",
    collaboration = "PACS",
    title = "{Nucleon isovector couplings in Nf=2+1 lattice QCD at the physical point}",
    eprint = "2207.11914",
    archivePrefix = "arXiv",
    primaryClass = "hep-lat",
    reportNumber = "UTHEP-771, UTCCS-P-145, HUPD-2209",
    doi = "10.1103/PhysRevD.106.094505",
    journal = "Phys. Rev. D",
    volume = "106",
    number = "9",
    pages = "094505",
    year = "2022"
}

@article{Shintani:2018ozy,
    author = "Shintani, Eigo and Ishikawa, Ken-Ichi and Kuramashi, Yoshinobu and Sasaki, Shoichi and Yamazaki, Takeshi",
    title = "{Nucleon form factors and root-mean-square radii on a (10.8  fm)$^4$ lattice at the physical point}",
    eprint = "1811.07292",
    archivePrefix = "arXiv",
    primaryClass = "hep-lat",
    doi = "10.1103/PhysRevD.99.014510",
    journal = "Phys. Rev. D",
    volume = "99",
    number = "1",
    pages = "014510",
    year = "2019",
    note = "[Erratum: Phys.Rev.D 102, 019902 (2020)]"
}

@article{Tsuji:2023llh,
    author = "Tsuji, Ryutaro and Aoki, Yasumichi and Ishikawa, Ken-Ichi and Kuramashi, Yoshinobu and Sasaki, Shoichi and Sato, Kohei and Shintani, Eigo and Watanabe, Hiromasa and Yamazaki, Takeshi",
    collaboration = "PACS",
    title = "{Nucleon form factors in Nf=2+1 lattice QCD at the physical point: Finite lattice spacing effect on the root-mean-square radii}",
    eprint = "2311.10345",
    archivePrefix = "arXiv",
    primaryClass = "hep-lat",
    reportNumber = "UTHEP-783, UTCCS-P-149, HUPD-2307, YITP-23-143",
    doi = "10.1103/PhysRevD.109.094505",
    journal = "Phys. Rev. D",
    volume = "109",
    number = "9",
    pages = "094505",
    year = "2024"
}

@article{PACS:2019hxd,
    author = "Kakazu, Junpei and Ishikawa, Ken-ichi and Ishizuka, Naruhito and Kuramashi, Yoshinobu and Nakamura, Yoshifumi and Namekawa, Yusuke and Taniguchi, Yusuke and Ukita, Naoya and Yamazaki, Takeshi and Yoshi\'e, Tomoteru",
    collaboration = "PACS",
    title = "{$K_{l3}$ form factors at the physical point on a $(10.9  fm)^3$ volume}",
    eprint = "1912.13127",
    archivePrefix = "arXiv",
    primaryClass = "hep-lat",
    reportNumber = "UTHEP-743, UTCCS-P-128, HUPD-1916",
    doi = "10.1103/PhysRevD.101.094504",
    journal = "Phys. Rev. D",
    volume = "101",
    number = "9",
    pages = "094504",
    year = "2020"
}

@article{Ishikawa:2022ulx,
    author = "Ishikawa, Ken-ichi and Ishizuka, Naruhito and Kuramashi, Yoshinobu and Namekawa, Yusuke and Taniguchi, Yusuke and Ukita, Naoya and Yamazaki, Takeshi and Yoshi\'e, Tomoteru",
    collaboration = "PACS",
    title = "{K\ensuremath{\ell}3 form factors at the physical point: Toward the continuum limit}",
    eprint = "2206.08654",
    archivePrefix = "arXiv",
    primaryClass = "hep-lat",
    reportNumber = "UTHEP-770, UTCCS-P-144, HUPD-2207, KUNS-2930",
    doi = "10.1103/PhysRevD.106.094501",
    journal = "Phys. Rev. D",
    volume = "106",
    number = "9",
    pages = "094501",
    year = "2022"
}

@article{Tsuji:2023qcr,
    author = "Tsuji, Ryutaro and Aoki, Yasumichi and Ishikawa, Ken-Ichi and Kuramashi, Yoshinobu and Sasaki, Shoichi and Shintani, Eigo and Yamazaki, Takeshi",
    collaboration = "PACS",
    title = "{Discretization effects on nucleon root-mean-square radii from lattice QCD at the physical point}",
    eprint = "2401.05340",
    archivePrefix = "arXiv",
    primaryClass = "hep-lat",
    doi = "10.22323/1.453.0323",
    journal = "PoS",
    volume = "LATTICE2023",
    pages = "323",
    year = "2024"
}

@article{Yamazaki:2023swq,
    author = "Yamazaki, Takeshi and Ishikawa, Ken-ichi and Ishizuka, Naruhito and Kuramashi, Yoshinobu and Namekawa, Yusuke and Taniguchi, Yusuke and Ukita, Naoya and Yoshi\'e, Tomoteru",
    collaboration = "PACS",
    title = "{$|V_{us}|$ from kaon semileptonic form factor in $N_f = 2+1$ QCD at the physical point on (10 fm)$^4$}",
    eprint = "2311.16755",
    archivePrefix = "arXiv",
    primaryClass = "hep-lat",
    doi = "10.22323/1.453.0276",
    journal = "PoS",
    volume = "LATTICE2023",
    pages = "276",
    year = "2024"
}

@article{Hasenbusch:2001ne,
    author = "Hasenbusch, Martin",
    title = "{Speeding up the hybrid Monte Carlo algorithm for dynamical fermions}",
    eprint = "hep-lat/0107019",
    archivePrefix = "arXiv",
    reportNumber = "DESY-01-103",
    doi = "10.1016/S0370-2693(01)01102-9",
    journal = "Phys. Lett. B",
    volume = "519",
    pages = "177--182",
    year = "2001"
}

@article{Luscher:2003vf,
    author = "Luscher, Martin",
    title = "{Lattice QCD and the Schwarz alternating procedure}",
    eprint = "hep-lat/0304007",
    archivePrefix = "arXiv",
    reportNumber = "CERN-TH-2003-088",
    doi = "10.1088/1126-6708/2003/05/052",
    journal = "JHEP",
    volume = "05",
    pages = "052",
    year = "2003"
}

@article{Clark:2006fx,
    author = "Clark, M. A. and Kennedy, A. D.",
    title = "{Accelerating dynamical fermion computations using the rational hybrid Monte Carlo (RHMC) algorithm with multiple pseudofermion fields}",
    eprint = "hep-lat/0608015",
    archivePrefix = "arXiv",
    doi = "10.1103/PhysRevLett.98.051601",
    journal = "Phys. Rev. Lett.",
    volume = "98",
    pages = "051601",
    year = "2007"
}

@article{PACS-CS:2008bkb,
    author = "Aoki, S. and others",
    collaboration = "PACS-CS",
    title = "{2+1 Flavor Lattice QCD toward the Physical Point}",
    eprint = "0807.1661",
    archivePrefix = "arXiv",
    primaryClass = "hep-lat",
    reportNumber = "UTCCS-P-44, UTHEP-567, HUPD-0801, KANAZAWA-08-06",
    doi = "10.1103/PhysRevD.79.034503",
    journal = "Phys. Rev. D",
    volume = "79",
    pages = "034503",
    year = "2009"
}

@misc{JLDG,
  title = {Japan Lattice Data Grid},
  howpublished = {\url{https://www.jldg.org}}
}

@article{Francis:2022hyr,
    author = "Francis, Anthony Sebastian and Cuteri, Francesca and Fritzsch, Patrick and Pederiva, Giovanni and Rago, Antonio and Schindler, Andrea and Walker-Loud, Andre and Zafeiropoulos, Savvas",
    title = "{Properties, ensembles and hadron spectra with Stabilised Wilson Fermions}",
    eprint = "2201.03874",
    archivePrefix = "arXiv",
    primaryClass = "hep-lat",
    doi = "10.22323/1.396.0118",
    journal = "PoS",
    volume = "LATTICE2021",
    pages = "118",
    year = "2022"
}


@article{Colquhoun:2022atw,
    author = "Colquhoun, Brian and Hashimoto, Shoji and Kaneko, Takashi and Koponen, Jonna",
    collaboration = "JLQCD",
    title = {{Form factors of B\textrightarrow{}\ensuremath{\pi}\ensuremath{\ell}\ensuremath{\nu} and a determination of |Vub| with M\"obius domain-wall fermions}},
    eprint = "2203.04938",
    archivePrefix = "arXiv",
    primaryClass = "hep-lat",
    reportNumber = "KEK-CP-382",
    doi = "10.1103/PhysRevD.106.054502",
    journal = "Phys. Rev. D",
    volume = "106",
    number = "5",
    pages = "054502",
    year = "2022"
}

@article{Boyle:2016lbp,
    author = "Boyle, Peter A. and Cossu, Guido and Yamaguchi, Azusa and Portelli, Antonin",
    title = "{Grid: A next generation data parallel C++ QCD library}",
    doi = "10.22323/1.251.0023",
    journal = "PoS",
    volume = "LATTICE2015",
    pages = "023",
    year = "2016"
}

@article{Aoki:2021qws,
    author = "Aoki, S. and Aoki, Y. and Fukaya, H. and Hashimoto, S. and Rohrhofer, C. and Suzuki, K.",
    collaboration = "JLQCD",
    title = "{Role of the axial U(1) anomaly in the chiral susceptibility of QCD at high temperature}",
    eprint = "2103.05954",
    archivePrefix = "arXiv",
    primaryClass = "hep-lat",
    reportNumber = "YITP-21-18, OU-HET-1089, KEK-CP-0380",
    doi = "10.1093/ptep/ptac001",
    journal = "PTEP",
    volume = "2022",
    number = "2",
    pages = "023B05",
    year = "2022"
}

@article{Zhang:2024ldl,
    author = "Zhang, Yu and Aoki, Yasumichi and Hashimoto, Shoji and Kanamori, Issaku and Kaneko, Takashi and Nakamura, Yoshifumi",
    title = {{Exploring the QCD phase diagram with three flavors of M\"obius domain wall fermions}},
    eprint = "2401.05066",
    archivePrefix = "arXiv",
    primaryClass = "hep-lat",
    doi = "10.22323/1.453.0203",
    journal = "PoS",
    volume = "LATTICE2023",
    pages = "203",
    year = "2024"
}

@article{JLQCD:2024xey,
    author = "Aoki, Sinya and Aoki, Yasumichi and Fukaya, Hidenori and Hashimoto, Shoji and Kanamori, Issaku and Kaneko, Takashi and Nakamura, Yoshifumi and Rohrhofer, Christian and Suzukih, Kei and Ward, David",
    collaboration = "JLQCD",
    title = "{Axial U(1) symmetry near the pseudocritical temperature in $N_f=2+1$ lattice QCD with chiral fermions}",
    eprint = "2401.14022",
    archivePrefix = "arXiv",
    primaryClass = "hep-lat",
    reportNumber = "KEK-CP-0399, OU-HET-1216",
    doi = "10.22323/1.453.0185",
    journal = "PoS",
    volume = "LATTICE2023",
    pages = "185",
    year = "2024"
}

@article{Aoyama:2024cko,
    author = "Aoyama, Tatsumi and Doi, Takahiro M. and Doi, Takumi and Itou, Etsuko and Lyu, Yan and Murakami, Kotaro and Sugiura, Takuya",
    collaboration = "HAL QCD",
    title = "{Scale setting and hadronic properties in the light quark sector with (2+1)-flavor Wilson fermions at the physical point}",
    eprint = "2406.16665",
    archivePrefix = "arXiv",
    primaryClass = "hep-lat",
    reportNumber = "RIKEN-iTHEMS-Report-24, YITP-24-73",
    doi = "10.1103/PhysRevD.110.094502",
    journal = "Phys. Rev. D",
    volume = "110",
    number = "9",
    pages = "094502",
    year = "2024"
}